@ARTICLE{Abramsky92,
    author = {Samson Abramsky},
    title = {Computational Interpretations of Linear Logic},
    journal = {Theoretical Computer Science},
    year = {1992},
    volume = {111},
    pages = {3--57}
}
@TECHREPORT{Benton92,
    author = {Nick Benton and Gavin Bierman and Valeria Paiva},
    title = {Term assignment for intuitionistic linear logic},
    institution = {},
    year = {1992}
}
@InProceedings{Wadler93,
  author       = "Philip Wadler",
  title        = "A Taste of Linear Logic",
  booktitle    = "Mathematical Foundations of Computer Science",
  editor       = "A. M. Borzyszkowski and S. Sokolowski",
  address      = "Gda{\'n}sk, Poland",
  pages        = "185--210",
  year         = 1993,
  publisher    = "Springer-Verlag LNCS 781",
  urldvi       = "file://ftp.dcs.glasgow.ac.uk/pub/glasgow-fp/authors/Philip_Wadler/lineartaste.dvi"
}
@InProceedings{Benton93,
  author       = "Nick Benton and G. M. Bierman and J. Martin E. Hyland and
		  Valeria de Paiva",
  title        = "A Term Calculus for Intuitionistic Linear Logic",
  editor       = "M. Bezem and J. F. Groote",
  pages        = "75--90",
  year         = 1993,
  booktitle    = "Proceedings of the International Conference on Typed
		  Lambda Calculi and Applications",
  publisher    = "Springer-Verlag LNCS 664"
}
@INPROCEEDINGS{Benton95,
    author = {Nick Benton and Philip Wadler},
    title = {Linear Logic, Monads, and the Lambda Calculus},
    booktitle = {In 11 th LICS},
    year = {1995},
    pages = {420--431},
    publisher = {IEEE Computer Society Press}
}
@MISC{Girard95,
    author = {Jean-Yves Girard},
    title = {Linear Logic: Its Syntax And Semantics},
    year = {1995}
}
@InProceedings{Ronchi94,
  author       = "Simona {Ronchi della Rocca} and Luca Roversi",
  title        = "Lambda Calculus and Intuitionistic Linear Logic",
  booktitle    = "Logic Colloquium '94",
  year         = 1994,
  address      = "Clermont Ferrand, France",
  urlps        = "ftp://pianeta.di.unito.it/pub/LAMBDA/ronchi/LinearLambdaC.ps"
}
@MISC{Turner98,
    author = {David N. Turner and Philip Wadler},
    title = {Operational Interpretations of Linear Logic},
    year = {1998}
}
@INPROCEEDINGS{Hasegawa99,
    author = {Masahito Hasegawa},
    title = {Logical Predicates for Intuitionistic Linear Type Theories},
    booktitle = {In Typed Lambda Calculi and Applications (TLCA'99), Lecture Notes in Computer Science 1581},
    year = {1999},
    pages = {198--213},
    publisher = {Springer-Verlag}
}
@INPROCEEDINGS{Alves06,
    author = {Sandra Alves and Maribel Fern치ndez and M치rio Florido and Ian Mackie},
    title = {The Power of Linear Functions},
    booktitle = {In 20th International Workshop, CSL 2006, 15th Annual Conference of the EACSL, Szeged, Hungary, September 25-29, 2006. Proceedings},
    year = {2006},
    pages = {119--134},
    publisher = {Springer Berlin Heidelberg}
}
@inproceedings{PaoliniP08,
  added-at = {2008-11-11T00:00:00.000+0100},
  author = {Paolini, Luca and Piccolo, Mauro},
  biburl = {http://www.bibsonomy.org/bibtex/2cbaf2211769413590d363a5eef8b98b6/dblp},
  booktitle = {PPDP},
  crossref = {conf/ppdp/2008},
  date = {2008-11-11},
  description = {dblp},
  editor = {Antoy, Sergio and Albert, Elvira},
  ee = {http://doi.acm.org/10.1145/1389449.1389462},
  interhash = {8cc54bb2defeab6e44cbbb18555b28d0},
  intrahash = {cbaf2211769413590d363a5eef8b98b6},
  isbn = {978-1-60558-117-0},
  keywords = {dblp},
  pages = {97-107},
  publisher = {ACM},
  timestamp = {2008-11-12T11:35:23.000+0100},
  title = {Semantically linear programming languages.},
  url = {http://dblp.uni-trier.de/db/conf/ppdp/ppdp2008.html#PaoliniP08},
  year = 2008
}
@inproceedings{Alves11,
 author = {Alves, Sandra and Fern\'{a}ndez, Maribel and Florido, M\'{a}rio and Mackie, Ian},
 title = {Linearity and Recursion in a Typed Lambda-calculus},
 booktitle = {Proceedings of the 13th International ACM SIGPLAN Symposium on Principles and Practices of Declarative Programming},
 series = {PPDP '11},
 year = {2011},
 isbn = {978-1-4503-0776-5},
 location = {Odense, Denmark},
 pages = {173--182},
 numpages = {10},
 url = {http://doi.acm.org/10.1145/2003476.2003500},
 doi = {10.1145/2003476.2003500},
 acmid = {2003500},
 publisher = {ACM},
 address = {New York, NY, USA},
 keywords = {linear lambda calculus, pcf, recursion},
}
@Article{Mackie93,
  author       = "Ian Mackie",
  title        = "{Lilac} --- A Functional Programming Language Based on
		  Linear Logic",
  journal      = "Journal of Functional Programming",
  volume       = 4,
  number       = 4,
  pages        = "395--433",
  year         = 1993,
  publisher    = "Cambridge University Press",
  urldvi       = "file://theory.doc.ic.ac.uk/theory/papers/Mackie/fplboll.dvi.gz"
}
@Inbook{Darlington93,
    author="Darlington, John
    and Guo, Yi-ke
    and K{\"o}hler, Martin",
    editor="Bruynooghe, Maurice
    and Penjam, Jaan",
    title="Functional programming languages with logical variables: A linear logic view",
    bookTitle="Progamming Language Implementation and Logic Programming: 5th International Symposium, PLILP '93 Tallinn, Estonia, August 25--27, 1993 Proceedings",
    year="1993",
    publisher="Springer Berlin Heidelberg",
    address="Berlin, Heidelberg",
    pages="201--219",
    isbn="978-3-540-47945-1",
    doi="10.1007/3-540-57186-8_80",
    url="http://dx.doi.org/10.1007/3-540-57186-8_80"
}
@incollection{Miller04,
	pages = {316--119},
	title = {Overview of Linear Logic Programming},
	author = {Dale Miller},
	publisher = {Cambridge University Press},
	editor = {Thomas Ehrhard},
	booktitle = {Linear Logic in Computer Science},
	year = {2004}
}


@INPROCEEDINGS{Novitzka07,
    author = {Valerie Novitzka패 and Daniel Miha패lyi},
    title = {Resource-oriented programming based on linear logic},
    booktitle = {in Acta Polytechnica Hungarica 2007},
    pages = {157-166},
    year = {2007}
}
@article{Girard87,
 author = {Girard, Jean-Yves},
 title = {Linear Logic},
 journal = {Theor. Comput. Sci.},
 issue_date = {Jan. 30, 1987},
 volume = {50},
 number = {1},
 month = jan,
 year = {1987},
 issn = {0304-3975},
 pages = {1--102},
 numpages = {102},
 url = {http://dx.doi.org/10.1016/0304-3975(87)90045-4},
 doi = {10.1016/0304-3975(87)90045-4},
 acmid = {35357},
 publisher = {Elsevier Science Publishers Ltd.},
 address = {Essex, UK},
}
@article{Moggi91,
 author = {Moggi, Eugenio},
 title = {Notions of Computation and Monads},
 journal = {Inf. Comput.},
 issue_date = {July 1991},
 volume = {93},
 number = {1},
 month = jul,
 year = {1991},
 issn = {0890-5401},
 pages = {55--92},
 numpages = {38},
 url = {http://dx.doi.org/10.1016/0890-5401(91)90052-4},
 doi = {10.1016/0890-5401(91)90052-4},
 acmid = {116984},
 publisher = {Academic Press, Inc.},
 address = {Duluth, MN, USA},
}
